@BOOK{ZynqSOC,
  author="Louise H. Crockett, Ross A. Elliot, Martin A. Enderwitz, Robert W. Stewart",
  title="The Zynq Book",
  publisher="University of Strathclyde",
  year=2014
}

@BOOK{artofelectronics,
  author="Paul Horovitz, Winfield Hill",
  title="The Art of Electronics, Third Edition",
  publisher="Cambridge University Press",
  year=2015
}



